<?xml version="1.0" encoding="UTF-8"?><collection xmlns="http://www.loc.gov/MARC21/slim"><record><leader>00375nam--2200121-i-4500</leader><controlfield tag="001">000018995</controlfield><controlfield tag="002">20161230</controlfield><controlfield tag="005">20161230201033</controlfield><controlfield tag="008">060222s1000------------r-----000-0-eng-d</controlfield><datafield ind1=" " ind2=" " tag="080"><subfield code="a">37</subfield></datafield><datafield ind1=" " ind2=" " tag="245"><subfield code="a">Educational programs and facilities in nuclear science and engineering.3-rd edition</subfield></datafield><datafield ind1=" " ind2=" " tag="260"><subfield code="a">Oak Ridge, Oak Ridge Institute Of Nuclear Studies, 1964. Vii + 139 P</subfield></datafield><datafield ind1=" " ind2=" " tag="852"><subfield code="a">28287</subfield></datafield></record></collection>